@book {BertiniBook,
    AUTHOR = {Bates, Daniel J. and Hauenstein, Jonathan D. and Sommese,
              Andrew J. and Wampler, Charles W.},
     TITLE = {Numerically solving polynomial systems with {B}ertini},
    SERIES = {Software, Environments, and Tools},
    VOLUME = {25},
 PUBLISHER = {Society for Industrial and Applied Mathematics (SIAM),
              Philadelphia, PA},
      YEAR = {2013},
     PAGES = {xx+352},
      ISBN = {978-1-611972-69-6},
   MRCLASS = {13-04 (13P15 65D99 68W30)},
  MRNUMBER = {3155500},
MRREVIEWER = {Jan M. Verschelde},
}

@book {clo,
    AUTHOR = {Cox, David A. and Little, John and O'Shea, Donal},
     TITLE = {Ideals, varieties, and algorithms},
    SERIES = {Undergraduate Texts in Mathematics},
   EDITION = {Fourth},
      NOTE = {An introduction to computational algebraic geometry and
              commutative algebra},
 PUBLISHER = {Springer, Cham},
      YEAR = {2015},
     PAGES = {xvi+646},
      ISBN = {978-3-319-16720-6; 978-3-319-16721-3},
   MRCLASS = {13P10 (13-01 14-01 14Qxx 68W30)},
  MRNUMBER = {3330490},
       DOI = {10.1007/978-3-319-16721-3},
       URL = {https://doi.org/10.1007/978-3-319-16721-3},
}

@book {st,
    AUTHOR = {Silverman, Joseph H. and Tate, John T.},
     TITLE = {Rational points on elliptic curves},
    SERIES = {Undergraduate Texts in Mathematics},
   EDITION = {Second},
 PUBLISHER = {Springer, Cham},
      YEAR = {2015},
     PAGES = {xxii+332},
      ISBN = {978-3-319-18587-3; 978-3-319-18588-0},
   MRCLASS = {11-01 (11D25 11G05 14G05 14H52)},
  MRNUMBER = {3363545},
       DOI = {10.1007/978-3-319-18588-0},
       URL = {https://doi.org/10.1007/978-3-319-18588-0},
}
